@BOOK{atharvaveda,
	author = {A.Athar and V. Veda},
	editor = {},
	title = {Vedic Arithmetic Operations},
	publisher = {IIT Kanpur},
	year = {1965},
}